<?xml version="1.0" encoding="UTF-8"?><collection xmlns="http://www.loc.gov/MARC21/slim"><record><leader>00610nam--2200169-i-4500</leader><controlfield tag="001">000034871</controlfield><controlfield tag="002">20161230</controlfield><controlfield tag="005">20161230201040</controlfield><controlfield tag="008">060222s1000------------r-----000-0-eng-d</controlfield><datafield ind1=" " ind2=" " tag="040"><subfield code="a">IFIN-HH</subfield></datafield><datafield ind1=" " ind2=" " tag="080"><subfield code="a">537.226.33</subfield></datafield><datafield ind1="1" ind2=" " tag="100"><subfield code="a">Nagle, John Frederick</subfield></datafield><datafield ind1="1" ind2="0" tag="245"><subfield code="a">Lattice statistics of hydrogen bonded crystals. part one: the residual entropy of ice. part two: hydrogen boded ferroelectric and antiferroelectric models</subfield><subfield code="b">Dissertation</subfield><subfield code="c">John frederick nagle</subfield></datafield><datafield ind1=" " ind2=" " tag="260"><subfield code="a">Ann Arbor, Michingan</subfield><subfield code="b">University Microfilms Inc</subfield><subfield code="c">1965</subfield></datafield><datafield ind1=" " ind2=" " tag="300"><subfield code="a">/PAG.DIF.</subfield></datafield><datafield ind1=" " ind2=" " tag="852"><subfield code="a">32347</subfield><subfield code="c">537.226</subfield></datafield><datafield ind1=" " ind2=" " tag="CAT"><subfield code="a">Sys</subfield><subfield code="c">20110706</subfield><subfield code="h">094413</subfield></datafield></record></collection>